@article{lisupplementary,
  title  = {Supplementary Material for CVPR 2022 paper Transformer-empowered Multi-scale Contextual Matching and Aggregation for Multi-contrast MRI Super-resolution},
  author = {Li, Guangyuan and Lv, Jun and Tian, Yapeng and Dou, Qi and Wang, Chengyan and Xu, Chenliang and Qin, Jing}
}

@inproceedings{martin2022medusa,
  title     = {Medusa: Universal Feature Learning via Attentional Multitasking},
  author    = {MARTIN, JAIME SPENCER and Hadfield, Simon},
  booktitle = {CVPR 2022}
}

@article{peng2022reverse,
  title     = {Reverse graph learning for graph neural network},
  author    = {Peng, Liang and Hu, Rongyao and Kong, Fei and Gan, Jiangzhang and Mo, Yujie and Shi, Xiaoshuang and Zhu, Xiaofeng},
  journal   = {IEEE Transactions on Neural Networks and Learning Systems},
  year      = {2022},
  publisher = {IEEE}
}

@article{王坤峰2017生成式对抗网络,
  title    = {生成式对抗网络 GAN 的研究进展与展望},
  author   = {王坤峰 and 苟超 and 段艳杰 and 林懿伦 and 郑心湖 and 王飞跃},
  journal  = {自动化学报},
  language = {zh},
  volume   = {43},
  number   = {3},
  pages    = {321--332},
  year     = {2017}
}